%YAML 1.1
%TAG !u! tag:unity3d.com,2011:
--- !u!29 &1
OcclusionCullingSettings:
  m_ObjectHideFlags: 0
  serializedVersion: 2
  m_OcclusionBakeSettings:
    smallestOccluder: 5
    smallestHole: 0.25
    backfaceThreshold: 100
  m_SceneGUID: 00000000000000000000000000000000
  m_OcclusionCullingData: {fileID: 0}
--- !u!104 &2
RenderSettings:
  m_ObjectHideFlags: 0
  serializedVersion: 8
  m_Fog: 0
  m_FogColor: {r: 0.5, g: 0.5, b: 0.5, a: 1}
  m_FogMode: 3
  m_FogDensity: 0.01
  m_LinearFogStart: 0
  m_LinearFogEnd: 300
  m_AmbientSkyColor: {r: 0.212, g: 0.227, b: 0.259, a: 1}
  m_AmbientEquatorColor: {r: 0.114, g: 0.125, b: 0.133, a: 1}
  m_AmbientGroundColor: {r: 0.047, g: 0.043, b: 0.035, a: 1}
  m_AmbientIntensity: 1
  m_AmbientMode: 0
  m_SubtractiveShadowColor: {r: 0.42, g: 0.478, b: 0.627, a: 1}
  m_SkyboxMaterial: {fileID: 10304, guid: 0000000000000000f000000000000000, type: 0}
  m_HaloStrength: 0.5
  m_FlareStrength: 1
  m_FlareFadeSpeed: 3
  m_HaloTexture: {fileID: 0}
  m_SpotCookie: {fileID: 10001, guid: 0000000000000000e000000000000000, type: 0}
  m_DefaultReflectionMode: 0
  m_DefaultReflectionResolution: 128
  m_ReflectionBounces: 1
  m_ReflectionIntensity: 1
  m_CustomReflection: {fileID: 0}
  m_Sun: {fileID: 0}
  m_IndirectSpecularColor: {r: 0, g: 0, b: 0, a: 1}
--- !u!157 &3
LightmapSettings:
  m_ObjectHideFlags: 0
  serializedVersion: 9
  m_GIWorkflowMode: 1
  m_GISettings:
    serializedVersion: 2
    m_BounceScale: 1
    m_IndirectOutputScale: 1
    m_AlbedoBoost: 1
    m_TemporalCoherenceThreshold: 1
    m_EnvironmentLightingMode: 0
    m_EnableBakedLightmaps: 1
    m_EnableRealtimeLightmaps: 1
  m_LightmapEditorSettings:
    serializedVersion: 6
    m_Resolution: 2
    m_BakeResolution: 40
    m_TextureWidth: 1024
    m_TextureHeight: 1024
    m_AO: 0
    m_AOMaxDistance: 1
    m_CompAOExponent: 1
    m_CompAOExponentDirect: 0
    m_Padding: 2
    m_LightmapParameters: {fileID: 0}
    m_LightmapsBakeMode: 1
    m_TextureCompression: 1
    m_FinalGather: 0
    m_FinalGatherFiltering: 1
    m_FinalGatherRayCount: 256
    m_ReflectionCompression: 2
    m_StationaryBakeMode: 3
  m_LightingDataAsset: {fileID: 0}
  m_RuntimeCPUUsage: 25
  m_ShadowMaskMode: 2
--- !u!196 &4
NavMeshSettings:
  serializedVersion: 2
  m_ObjectHideFlags: 0
  m_BuildSettings:
    serializedVersion: 2
    agentTypeID: 0
    agentRadius: 0.5
    agentHeight: 2
    agentSlope: 45
    agentClimb: 0.4
    ledgeDropHeight: 0
    maxJumpAcrossDistance: 0
    minRegionArea: 2
    manualCellSize: 0
    cellSize: 0.16666667
    manualTileSize: 0
    tileSize: 256
    accuratePlacement: 0
  m_NavMeshData: {fileID: 0}
--- !u!1 &156171234
GameObject:
  m_ObjectHideFlags: 0
  m_PrefabParentObject: {fileID: 1000011698934280, guid: 2952a2d5e5ba44244b0fb2b708b3fdab,
    type: 2}
  m_PrefabInternal: {fileID: 0}
  serializedVersion: 5
  m_Component:
  - component: {fileID: 156171236}
  - component: {fileID: 156171235}
  m_Layer: 0
  m_Name: SpeechRecognitionModule
  m_TagString: Untagged
  m_Icon: {fileID: 0}
  m_NavMeshLayer: 0
  m_StaticEditorFlags: 0
  m_IsActive: 1
--- !u!114 &156171235
MonoBehaviour:
  m_ObjectHideFlags: 0
  m_PrefabParentObject: {fileID: 114000011961602320, guid: 2952a2d5e5ba44244b0fb2b708b3fdab,
    type: 2}
  m_PrefabInternal: {fileID: 0}
  m_GameObject: {fileID: 156171234}
  m_Enabled: 1
  m_EditorHideFlags: 0
  m_Script: {fileID: 11500000, guid: 78561e888426ee14b8e5a70098344e2e, type: 3}
  m_Name: 
  m_EditorClassIdentifier: 
  isDontDestroyGameObject: 0
  customApiKey: AIzaSyCctMfkR6YWL4wibgAlc_J8tGCH_VzP5N8
  language: 5
  isEnabledProfanityFilter: 0
  maxAlternatives: 10
  speechContextPhrases: []
  audioEncoding: 1
  isRecognitionProcessing: 0
  recordLength: 5
  isLoopRecording: 1
  isRuntimeDetection: 1
  runtimeSpeechDetectionTreshold: 0.005
--- !u!4 &156171236
Transform:
  m_ObjectHideFlags: 0
  m_PrefabParentObject: {fileID: 4000013474431846, guid: 2952a2d5e5ba44244b0fb2b708b3fdab,
    type: 2}
  m_PrefabInternal: {fileID: 0}
  m_GameObject: {fileID: 156171234}
  m_LocalRotation: {x: 0, y: 0, z: 0, w: 1}
  m_LocalPosition: {x: 0, y: 1, z: 90}
  m_LocalScale: {x: 1, y: 1, z: 1}
  m_Children: []
  m_Father: {fileID: 0}
  m_RootOrder: 4
  m_LocalEulerAnglesHint: {x: 0, y: 0, z: 0}
--- !u!1001 &465833011
Prefab:
  m_ObjectHideFlags: 0
  serializedVersion: 2
  m_Modification:
    m_TransformParent: {fileID: 0}
    m_Modifications:
    - target: {fileID: 4100519390928296, guid: c8e6e496073633e44bd6a89da1131645, type: 2}
      propertyPath: m_LocalPosition.x
      value: -5
      objectReference: {fileID: 0}
    - target: {fileID: 4100519390928296, guid: c8e6e496073633e44bd6a89da1131645, type: 2}
      propertyPath: m_LocalPosition.y
      value: 0
      objectReference: {fileID: 0}
    - target: {fileID: 4100519390928296, guid: c8e6e496073633e44bd6a89da1131645, type: 2}
      propertyPath: m_LocalPosition.z
      value: 10
      objectReference: {fileID: 0}
    - target: {fileID: 4100519390928296, guid: c8e6e496073633e44bd6a89da1131645, type: 2}
      propertyPath: m_LocalRotation.x
      value: 0
      objectReference: {fileID: 0}
    - target: {fileID: 4100519390928296, guid: c8e6e496073633e44bd6a89da1131645, type: 2}
      propertyPath: m_LocalRotation.y
      value: 0.7071068
      objectReference: {fileID: 0}
    - target: {fileID: 4100519390928296, guid: c8e6e496073633e44bd6a89da1131645, type: 2}
      propertyPath: m_LocalRotation.z
      value: 0
      objectReference: {fileID: 0}
    - target: {fileID: 4100519390928296, guid: c8e6e496073633e44bd6a89da1131645, type: 2}
      propertyPath: m_LocalRotation.w
      value: 0.7071068
      objectReference: {fileID: 0}
    - target: {fileID: 4100519390928296, guid: c8e6e496073633e44bd6a89da1131645, type: 2}
      propertyPath: m_RootOrder
      value: 2
      objectReference: {fileID: 0}
    - target: {fileID: 20173633597047132, guid: c8e6e496073633e44bd6a89da1131645,
        type: 2}
      propertyPath: m_Enabled
      value: 0
      objectReference: {fileID: 0}
    - target: {fileID: 4100519390928296, guid: c8e6e496073633e44bd6a89da1131645, type: 2}
      propertyPath: m_LocalEulerAnglesHint.y
      value: 90
      objectReference: {fileID: 0}
    - target: {fileID: 4398750546182604, guid: c8e6e496073633e44bd6a89da1131645, type: 2}
      propertyPath: m_LocalPosition.x
      value: 7.706
      objectReference: {fileID: 0}
    - target: {fileID: 4398750546182604, guid: c8e6e496073633e44bd6a89da1131645, type: 2}
      propertyPath: m_LocalPosition.z
      value: 4.254
      objectReference: {fileID: 0}
    - target: {fileID: 4398750546182604, guid: c8e6e496073633e44bd6a89da1131645, type: 2}
      propertyPath: m_LocalRotation.x
      value: 0.04367901
      objectReference: {fileID: 0}
    - target: {fileID: 4398750546182604, guid: c8e6e496073633e44bd6a89da1131645, type: 2}
      propertyPath: m_LocalRotation.y
      value: 0.7057564
      objectReference: {fileID: 0}
    - target: {fileID: 4398750546182604, guid: c8e6e496073633e44bd6a89da1131645, type: 2}
      propertyPath: m_LocalRotation.z
      value: 0.7057564
      objectReference: {fileID: 0}
    - target: {fileID: 4398750546182604, guid: c8e6e496073633e44bd6a89da1131645, type: 2}
      propertyPath: m_LocalRotation.w
      value: -0.04367901
      objectReference: {fileID: 0}
    - target: {fileID: 4398750546182604, guid: c8e6e496073633e44bd6a89da1131645, type: 2}
      propertyPath: m_LocalEulerAnglesHint.x
      value: -90.00001
      objectReference: {fileID: 0}
    - target: {fileID: 4398750546182604, guid: c8e6e496073633e44bd6a89da1131645, type: 2}
      propertyPath: m_LocalEulerAnglesHint.y
      value: 180
      objectReference: {fileID: 0}
    - target: {fileID: 4398750546182604, guid: c8e6e496073633e44bd6a89da1131645, type: 2}
      propertyPath: m_LocalEulerAnglesHint.z
      value: 7.083
      objectReference: {fileID: 0}
    - target: {fileID: 4119840671783190, guid: c8e6e496073633e44bd6a89da1131645, type: 2}
      propertyPath: m_LocalPosition.x
      value: 7.2
      objectReference: {fileID: 0}
    - target: {fileID: 4119840671783190, guid: c8e6e496073633e44bd6a89da1131645, type: 2}
      propertyPath: m_LocalPosition.z
      value: 4.415
      objectReference: {fileID: 0}
    - target: {fileID: 4119840671783190, guid: c8e6e496073633e44bd6a89da1131645, type: 2}
      propertyPath: m_LocalRotation.x
      value: -0.7072302
      objectReference: {fileID: 0}
    - target: {fileID: 4119840671783190, guid: c8e6e496073633e44bd6a89da1131645, type: 2}
      propertyPath: m_LocalRotation.y
      value: 0.00000019864702
      objectReference: {fileID: 0}
    - target: {fileID: 4119840671783190, guid: c8e6e496073633e44bd6a89da1131645, type: 2}
      propertyPath: m_LocalRotation.z
      value: -0.00000019857768
      objectReference: {fileID: 0}
    - target: {fileID: 4119840671783190, guid: c8e6e496073633e44bd6a89da1131645, type: 2}
      propertyPath: m_LocalRotation.w
      value: -0.7069834
      objectReference: {fileID: 0}
    - target: {fileID: 4119840671783190, guid: c8e6e496073633e44bd6a89da1131645, type: 2}
      propertyPath: m_LocalEulerAnglesHint.x
      value: 89.98
      objectReference: {fileID: 0}
    - target: {fileID: 4119840671783190, guid: c8e6e496073633e44bd6a89da1131645, type: 2}
      propertyPath: m_LocalEulerAnglesHint.y
      value: 180
      objectReference: {fileID: 0}
    - target: {fileID: 4119840671783190, guid: c8e6e496073633e44bd6a89da1131645, type: 2}
      propertyPath: m_LocalEulerAnglesHint.z
      value: -179.99998
      objectReference: {fileID: 0}
    - target: {fileID: 4710747729076530, guid: c8e6e496073633e44bd6a89da1131645, type: 2}
      propertyPath: m_LocalRotation.x
      value: 0.00000019857768
      objectReference: {fileID: 0}
    - target: {fileID: 4710747729076530, guid: c8e6e496073633e44bd6a89da1131645, type: 2}
      propertyPath: m_LocalRotation.y
      value: 0.7069834
      objectReference: {fileID: 0}
    - target: {fileID: 4710747729076530, guid: c8e6e496073633e44bd6a89da1131645, type: 2}
      propertyPath: m_LocalRotation.z
      value: -0.7072302
      objectReference: {fileID: 0}
    - target: {fileID: 4710747729076530, guid: c8e6e496073633e44bd6a89da1131645, type: 2}
      propertyPath: m_LocalRotation.w
      value: 0.00000019864702
      objectReference: {fileID: 0}
    - target: {fileID: 4710747729076530, guid: c8e6e496073633e44bd6a89da1131645, type: 2}
      propertyPath: m_LocalEulerAnglesHint.x
      value: 89.98
      objectReference: {fileID: 0}
    - target: {fileID: 4710747729076530, guid: c8e6e496073633e44bd6a89da1131645, type: 2}
      propertyPath: m_LocalEulerAnglesHint.y
      value: 0
      objectReference: {fileID: 0}
    - target: {fileID: 4710747729076530, guid: c8e6e496073633e44bd6a89da1131645, type: 2}
      propertyPath: m_LocalEulerAnglesHint.z
      value: -179.99998
      objectReference: {fileID: 0}
    m_RemovedComponents: []
  m_ParentPrefab: {fileID: 100100000, guid: c8e6e496073633e44bd6a89da1131645, type: 2}
  m_IsPrefabParent: 0
--- !u!1 &465833012 stripped
GameObject:
  m_PrefabParentObject: {fileID: 1135479781098844, guid: c8e6e496073633e44bd6a89da1131645,
    type: 2}
  m_PrefabInternal: {fileID: 465833011}
--- !u!82 &465833013
AudioSource:
  m_ObjectHideFlags: 0
  m_PrefabParentObject: {fileID: 0}
  m_PrefabInternal: {fileID: 0}
  m_GameObject: {fileID: 465833012}
  m_Enabled: 1
  serializedVersion: 4
  OutputAudioMixerGroup: {fileID: 0}
  m_audioClip: {fileID: 8300000, guid: 36518937195783545be162afa2086273, type: 3}
  m_PlayOnAwake: 0
  m_Volume: 1
  m_Pitch: 1
  Loop: 0
  Mute: 0
  Spatialize: 0
  SpatializePostEffects: 0
  Priority: 128
  DopplerLevel: 1
  MinDistance: 1
  MaxDistance: 500
  Pan2D: 0
  rolloffMode: 0
  BypassEffects: 0
  BypassListenerEffects: 0
  BypassReverbZones: 0
  rolloffCustomCurve:
    serializedVersion: 2
    m_Curve:
    - serializedVersion: 2
      time: 0
      value: 1
      inSlope: 0
      outSlope: 0
      tangentMode: 0
    - serializedVersion: 2
      time: 1
      value: 0
      inSlope: 0
      outSlope: 0
      tangentMode: 0
    m_PreInfinity: 2
    m_PostInfinity: 2
    m_RotationOrder: 4
  panLevelCustomCurve:
    serializedVersion: 2
    m_Curve:
    - serializedVersion: 2
      time: 0
      value: 0
      inSlope: 0
      outSlope: 0
      tangentMode: 0
    m_PreInfinity: 2
    m_PostInfinity: 2
    m_RotationOrder: 0
  spreadCustomCurve:
    serializedVersion: 2
    m_Curve:
    - serializedVersion: 2
      time: 0
      value: 0
      inSlope: 0
      outSlope: 0
      tangentMode: 0
    m_PreInfinity: 2
    m_PostInfinity: 2
    m_RotationOrder: 4
  reverbZoneMixCustomCurve:
    serializedVersion: 2
    m_Curve:
    - serializedVersion: 2
      time: 0
      value: 1
      inSlope: 0
      outSlope: 0
      tangentMode: 0
    m_PreInfinity: 2
    m_PostInfinity: 2
    m_RotationOrder: 0
--- !u!1 &853884879
GameObject:
  m_ObjectHideFlags: 0
  m_PrefabParentObject: {fileID: 0}
  m_PrefabInternal: {fileID: 0}
  serializedVersion: 5
  m_Component:
  - component: {fileID: 853884881}
  - component: {fileID: 853884880}
  m_Layer: 0
  m_Name: Directional Light
  m_TagString: Untagged
  m_Icon: {fileID: 0}
  m_NavMeshLayer: 0
  m_StaticEditorFlags: 0
  m_IsActive: 1
--- !u!108 &853884880
Light:
  m_ObjectHideFlags: 0
  m_PrefabParentObject: {fileID: 0}
  m_PrefabInternal: {fileID: 0}
  m_GameObject: {fileID: 853884879}
  m_Enabled: 1
  serializedVersion: 8
  m_Type: 1
  m_Color: {r: 1, g: 0.95686275, b: 0.8392157, a: 1}
  m_Intensity: 1
  m_Range: 10
  m_SpotAngle: 30
  m_CookieSize: 10
  m_Shadows:
    m_Type: 2
    m_Resolution: -1
    m_CustomResolution: -1
    m_Strength: 1
    m_Bias: 0.05
    m_NormalBias: 0.4
    m_NearPlane: 0.2
  m_Cookie: {fileID: 0}
  m_DrawHalo: 0
  m_Flare: {fileID: 0}
  m_RenderMode: 0
  m_CullingMask:
    serializedVersion: 2
    m_Bits: 4294967295
  m_Lightmapping: 4
  m_AreaSize: {x: 1, y: 1}
  m_BounceIntensity: 1
  m_CCT: 6500
  m_ShadowRadius: 0
  m_ShadowAngle: 0
--- !u!4 &853884881
Transform:
  m_ObjectHideFlags: 0
  m_PrefabParentObject: {fileID: 0}
  m_PrefabInternal: {fileID: 0}
  m_GameObject: {fileID: 853884879}
  m_LocalRotation: {x: 0.40821788, y: -0.23456968, z: 0.10938163, w: 0.8754261}
  m_LocalPosition: {x: 0, y: 3, z: 0}
  m_LocalScale: {x: 1, y: 1, z: 1}
  m_Children: []
  m_Father: {fileID: 0}
  m_RootOrder: 1
  m_LocalEulerAnglesHint: {x: 50, y: -30, z: 0}
--- !u!1 &856986415
GameObject:
  m_ObjectHideFlags: 0
  m_PrefabParentObject: {fileID: 0}
  m_PrefabInternal: {fileID: 0}
  serializedVersion: 5
  m_Component:
  - component: {fileID: 856986417}
  - component: {fileID: 856986416}
  m_Layer: 0
  m_Name: VideoModel
  m_TagString: Untagged
  m_Icon: {fileID: 0}
  m_NavMeshLayer: 0
  m_StaticEditorFlags: 0
  m_IsActive: 1
--- !u!114 &856986416
MonoBehaviour:
  m_ObjectHideFlags: 0
  m_PrefabParentObject: {fileID: 0}
  m_PrefabInternal: {fileID: 0}
  m_GameObject: {fileID: 856986415}
  m_Enabled: 1
  m_EditorHideFlags: 0
  m_Script: {fileID: 11500000, guid: 604a75ad8cfd92040bc070c5dad327a1, type: 3}
  m_Name: 
  m_EditorClassIdentifier: 
  isTest: 0
--- !u!4 &856986417
Transform:
  m_ObjectHideFlags: 0
  m_PrefabParentObject: {fileID: 0}
  m_PrefabInternal: {fileID: 0}
  m_GameObject: {fileID: 856986415}
  m_LocalRotation: {x: 0, y: 0.7071068, z: 0, w: 0.7071068}
  m_LocalPosition: {x: 0.72, y: -2.6, z: 0.5}
  m_LocalScale: {x: 2.5, y: 2.5, z: 2}
  m_Children:
  - {fileID: 1178119989}
  m_Father: {fileID: 0}
  m_RootOrder: 3
  m_LocalEulerAnglesHint: {x: 0, y: 90, z: 0}
--- !u!1 &1178119988
GameObject:
  m_ObjectHideFlags: 0
  m_PrefabParentObject: {fileID: 100000, guid: f0082db35c5d5614f9e8c63a7f86aa4e, type: 2}
  m_PrefabInternal: {fileID: 0}
  serializedVersion: 5
  m_Component:
  - component: {fileID: 1178119989}
  - component: {fileID: 1178119992}
  - component: {fileID: 1178119991}
  - component: {fileID: 1178119990}
  m_Layer: 0
  m_Name: VideoManager
  m_TagString: Untagged
  m_Icon: {fileID: 0}
  m_NavMeshLayer: 0
  m_StaticEditorFlags: 0
  m_IsActive: 1
--- !u!4 &1178119989
Transform:
  m_ObjectHideFlags: 0
  m_PrefabParentObject: {fileID: 400000, guid: f0082db35c5d5614f9e8c63a7f86aa4e, type: 2}
  m_PrefabInternal: {fileID: 0}
  m_GameObject: {fileID: 1178119988}
  m_LocalRotation: {x: 0, y: 1, z: 0, w: 0}
  m_LocalPosition: {x: -0.37, y: 1.39, z: -1}
  m_LocalScale: {x: 1, y: 1.3, z: 1}
  m_Children: []
  m_Father: {fileID: 856986417}
  m_RootOrder: 0
  m_LocalEulerAnglesHint: {x: 0, y: 180, z: 0}
--- !u!23 &1178119990
MeshRenderer:
  m_ObjectHideFlags: 0
  m_PrefabParentObject: {fileID: 2300000, guid: f0082db35c5d5614f9e8c63a7f86aa4e,
    type: 2}
  m_PrefabInternal: {fileID: 0}
  m_GameObject: {fileID: 1178119988}
  m_Enabled: 1
  m_CastShadows: 1
  m_ReceiveShadows: 1
  m_MotionVectors: 1
  m_LightProbeUsage: 0
  m_ReflectionProbeUsage: 1
  m_Materials:
  - {fileID: 2100000, guid: 6f748ae57c6c13a4a935ce652be32129, type: 2}
  m_StaticBatchInfo:
    firstSubMesh: 0
    subMeshCount: 0
  m_StaticBatchRoot: {fileID: 0}
  m_ProbeAnchor: {fileID: 0}
  m_LightProbeVolumeOverride: {fileID: 0}
  m_ScaleInLightmap: 1
  m_PreserveUVs: 0
  m_IgnoreNormalsForChartDetection: 0
  m_ImportantGI: 0
  m_SelectedEditorRenderState: 3
  m_MinimumChartSize: 4
  m_AutoUVMaxDistance: 0.5
  m_AutoUVMaxAngle: 89
  m_LightmapParameters: {fileID: 0}
  m_SortingLayerID: 0
  m_SortingLayer: 0
  m_SortingOrder: 0
--- !u!33 &1178119991
MeshFilter:
  m_ObjectHideFlags: 0
  m_PrefabParentObject: {fileID: 3300000, guid: f0082db35c5d5614f9e8c63a7f86aa4e,
    type: 2}
  m_PrefabInternal: {fileID: 0}
  m_GameObject: {fileID: 1178119988}
  m_Mesh: {fileID: 10210, guid: 0000000000000000e000000000000000, type: 0}
--- !u!114 &1178119992
MonoBehaviour:
  m_ObjectHideFlags: 0
  m_PrefabParentObject: {fileID: 11400000, guid: f0082db35c5d5614f9e8c63a7f86aa4e,
    type: 2}
  m_PrefabInternal: {fileID: 0}
  m_GameObject: {fileID: 1178119988}
  m_Enabled: 1
  m_EditorHideFlags: 0
  m_Script: {fileID: 11500000, guid: fb521e9ace49d8546a83f420a0debd12, type: 3}
  m_Name: 
  m_EditorClassIdentifier: 
  m_strFileName: can_you_elaborate_h264.mp4
  m_TargetMaterial:
  - {fileID: 1178119988}
  m_bFullScreen: 0
  m_bSupportRockchip: 1
  m_ScaleValue: 0
  m_objResize:
  - {fileID: 1178119988}
  m_bLoop: 0
  m_bAutoPlay: 1
--- !u!1 &1580206468
GameObject:
  m_ObjectHideFlags: 0
  m_PrefabParentObject: {fileID: 0}
  m_PrefabInternal: {fileID: 0}
  serializedVersion: 5
  m_Component:
  - component: {fileID: 1580206473}
  - component: {fileID: 1580206472}
  - component: {fileID: 1580206471}
  - component: {fileID: 1580206470}
  - component: {fileID: 1580206469}
  - component: {fileID: 1580206474}
  m_Layer: 0
  m_Name: Main Camera
  m_TagString: MainCamera
  m_Icon: {fileID: 0}
  m_NavMeshLayer: 0
  m_StaticEditorFlags: 0
  m_IsActive: 1
--- !u!81 &1580206469
AudioListener:
  m_ObjectHideFlags: 0
  m_PrefabParentObject: {fileID: 0}
  m_PrefabInternal: {fileID: 0}
  m_GameObject: {fileID: 1580206468}
  m_Enabled: 1
--- !u!124 &1580206470
Behaviour:
  m_ObjectHideFlags: 0
  m_PrefabParentObject: {fileID: 0}
  m_PrefabInternal: {fileID: 0}
  m_GameObject: {fileID: 1580206468}
  m_Enabled: 1
--- !u!92 &1580206471
Behaviour:
  m_ObjectHideFlags: 0
  m_PrefabParentObject: {fileID: 0}
  m_PrefabInternal: {fileID: 0}
  m_GameObject: {fileID: 1580206468}
  m_Enabled: 1
--- !u!20 &1580206472
Camera:
  m_ObjectHideFlags: 0
  m_PrefabParentObject: {fileID: 0}
  m_PrefabInternal: {fileID: 0}
  m_GameObject: {fileID: 1580206468}
  m_Enabled: 1
  serializedVersion: 2
  m_ClearFlags: 1
  m_BackGroundColor: {r: 0.19215687, g: 0.3019608, b: 0.4745098, a: 0}
  m_NormalizedViewPortRect:
    serializedVersion: 2
    x: 0
    y: 0
    width: 1
    height: 1
  near clip plane: 0.3
  far clip plane: 1000
  field of view: 60
  orthographic: 0
  orthographic size: 5
  m_Depth: -1
  m_CullingMask:
    serializedVersion: 2
    m_Bits: 4294967295
  m_RenderingPath: -1
  m_TargetTexture: {fileID: 0}
  m_TargetDisplay: 0
  m_TargetEye: 3
  m_HDR: 1
  m_AllowMSAA: 1
  m_ForceIntoRT: 0
  m_OcclusionCulling: 1
  m_StereoConvergence: 10
  m_StereoSeparation: 0.022
  m_StereoMirrorMode: 0
--- !u!4 &1580206473
Transform:
  m_ObjectHideFlags: 0
  m_PrefabParentObject: {fileID: 0}
  m_PrefabInternal: {fileID: 0}
  m_GameObject: {fileID: 1580206468}
  m_LocalRotation: {x: 0, y: 0, z: 0, w: 1}
  m_LocalPosition: {x: 6.18, y: 1, z: -5}
  m_LocalScale: {x: 1, y: 1, z: 1}
  m_Children: []
  m_Father: {fileID: 0}
  m_RootOrder: 0
  m_LocalEulerAnglesHint: {x: 0, y: 0, z: 0}
--- !u!114 &1580206474
MonoBehaviour:
  m_ObjectHideFlags: 0
  m_PrefabParentObject: {fileID: 0}
  m_PrefabInternal: {fileID: 0}
  m_GameObject: {fileID: 1580206468}
  m_Enabled: 1
  m_EditorHideFlags: 0
  m_Script: {fileID: 11500000, guid: 99a4f23901f0f154ca996f057a63b3eb, type: 3}
  m_Name: 
  m_EditorClassIdentifier: 
  _startRecordButton: {fileID: 0}
  _stopRecordButton: {fileID: 0}
  _startRuntimeDetection: {fileID: 0}
  _stopRuntimeDetection: {fileID: 0}
  startRecordSlider: {fileID: 0}
  stopRecordSlider: {fileID: 0}
  _isRuntimeDetectionToggle: {fileID: 0}
  _speechRecognitionState: {fileID: 0}
  _speechRecognitionResult: {fileID: 0}
  _contextPhrases: {fileID: 0}
  sampleClip: {fileID: 8300000, guid: 3732fb81bc15aa841a82d7272f3d4908, type: 3}
  vModelScript: {fileID: 0}
  messageEvent: {fileID: 0}
  session: {fileID: 0}
